@article{zhan2013urban,
  title={Urban link travel time estimation using large-scale taxi data with partial information},
  author={Zhan, Xianyuan and Hasan, Samiul and Ukkusuri, Satish V and Kamga, Camille},
  journal={Transportation Research Part C: Emerging Technologies},
  volume={33},
  pages={37--49},
  year={2013},
  publisher={Elsevier}
}