@article{mcfadden1973conditional,
  title={Conditional logit analysis of qualitative choice behavior},
  author={McFadden, Daniel and others},
  year={1973},
  publisher={Institute of Urban and Regional Development, University of California}
}

@article{hunter2009path,
  title={Path and travel time inference from GPS probe vehicle data},
  author={Hunter, Timothy and Herring, Ryan and Abbeel, Pieter and Bayen, Alexandre},
  journal={NIPS Analyzing Networks and Learning with Graphs},
  volume={12},
  number={1},
  year={2009}
}


@article{zhan2013urban,
  title={Urban link travel time estimation using large-scale taxi data with partial information},
  author={Zhan, Xianyuan and Hasan, Samiul and Ukkusuri, Satish V and Kamga, Camille},
  journal={Transportation Research Part C: Emerging Technologies},
  volume={33},
  pages={37--49},
  year={2013},
  publisher={Elsevier}
}

@article{dempster1977maximum,
  title={Maximum likelihood from incomplete data via the EM algorithm},
  author={Dempster, Arthur P and Laird, Nan M and Rubin, Donald B},
  journal={Journal of the royal statistical society. Series B (methodological)},
  pages={1--38},
  year={1977},
  publisher={JSTOR}
}

@article{blei2017variational,
  title={Variational inference: A review for statisticians},
  author={Blei, David M and Kucukelbir, Alp and McAuliffe, Jon D},
  journal={Journal of the American Statistical Association},
  number={just-accepted},
  year={2017},
  publisher={Taylor \& Francis}
}


@article{kingma2013auto,
  title={Auto-encoding variational bayes},
  author={Kingma, Diederik P and Welling, Max},
  journal={arXiv preprint arXiv:1312.6114},
  year={2013}
}


@article{kingma2014adam,
  title={Adam: A method for stochastic optimization},
  author={Kingma, Diederik and Ba, Jimmy},
  journal={arXiv preprint arXiv:1412.6980},
  year={2014}
}




